<?xml version="1.0" encoding="UTF-8"?><record xmlns="http://www.loc.gov/MARC21/slim" xmlns:cinclude="http://apache.org/cocoon/include/1.0" xmlns:zs="http://www.loc.gov/zing/srw/">
  <leader>00393nz  a2200121n  4500</leader>
  <controlfield tag="001">nr2005001070</controlfield>
  <controlfield tag="003">DLC</controlfield>
  <controlfield tag="005">20050113033116.0</controlfield>
  <controlfield tag="008">050112n| acannaabn          |n aaa     c</controlfield>
  <datafield tag="010" ind1=" " ind2=" ">
    <subfield code="a">nr2005001070</subfield>
  </datafield>
  <datafield tag="040" ind1=" " ind2=" ">
    <subfield code="a">CtY-Mus</subfield>
    <subfield code="b">eng</subfield>
    <subfield code="c">CtY-Mus</subfield>
  </datafield>
  <datafield tag="100" ind1="1" ind2=" ">
    <subfield code="a">Dalbavie, Marc-AndreĚ,</subfield>
    <subfield code="d">1961-</subfield>
    <subfield code="t">Axiom</subfield>
  </datafield>
  <datafield tag="670" ind1=" " ind2=" ">
    <subfield code="a">Dalbavie, M.-A. Axiom, c2004:</subfield>
    <subfield code="b">t.p. (Axiom : quatuor pour clarinette en siâ­, basson, trompette et piano)</subfield>
  </datafield>
</record>